
@techreport{palaguita2010_usermanual,
  author = {Ciprian Palaghita and Ismael Rivera},
  title = {User Manual of the FAST Catalogue},
  institution = {FAST Project (FP7-ICT-2007-1-216048)},
  year = {2010},
  type = {Deliverable},
  number = {5.1.1},
  month = {February}
}

@techreport{palaguita2011_usermanual,
  author = {Ciprian Palaghita and Ismael Rivera},
  title = {User Manual of the FAST Catalogue},
  institution = {FAST Project (FP7-ICT-2007-1-216048)},
  year = {2011},
  type = {Deliverable},
  number = {5.1.2},
  month = {February}
}

