
@misc{DoW,
	Institution = {FAST Project (FP7-ICT-2007-1-216048)},
	Month = {November},
	Number = {I},
	Title = {FAST Description of Work},
	Type = {Annex I},
	Year = {2007}}

@techreport{moeller2009fast_ontology,
	Author = {Knud M{\"o}ller},
	Institution = {FAST Project (FP7-ICT-2007-1-216048)},
	Month = {February},
	Number = {2.2.1},
	Title = {Ontology and Conceptual Model for the Semantic Characterisation of Complex Gadgets},
	Type = {Deliverable},
	Year = {2009}}

@techreport{fast_requirements,
	Author = {Eduardo Villoslada},
	Institution = {FAST Project (FP7-ICT-2007-1-216048)},
	Month = {February},
	Number = {2.3.1},
	Title = {FAST requirements specification},
	Type = {Deliverable},
	Year = {2009}}
	
@techreport{sprot,
	Author = {Kendall Grant and Lee Feigenbaum and Elias Torres},
	Institution = {World Wide Web Consortium (W3C)},
	Month = {January},
	Title = {SPARQL Protocol for RDF},
	Type = {Recommendation},
	Year = {2008}}

@techreport{rdfsrules,
	Author = {Patrick Hayes},
	Institution = {World Wide Web Consortium (W3C)},
	Month = {February},
	Title = {RDF Semantics},
	Type = {Recommendation},
	Year = {2004}}

@techreport{datetime,
	Author = {Misha Wolf and Charles Wicksteed},
	Institution = {World Wide Web Consortium (W3C)},
	Month = {September},
	Title = {Date and Time Formats},
	Type = {Note},
	Year = {1997}}

@techreport{benchmarks,
	Author = {Christian Becker},
	Institution = {Freie Universit{\"a}t Berlin},
	Month = {January},
	Title = {RDF Store Benchmarks with DBpedia},
	Type = {Note},
	Year = {2008}}


