% This file was created with JabRef 2.5.
% Encoding: Cp1252

@TECHREPORT{palaguita2010_usermanual,
  author = {Ciprian Palaghita and Ismael Rivera},
  title = {User Manual of the FAST Catalogue},
  institution = {FAST Project (FP7-ICT-2007-1-216048)},
  year = {2010},
  type = {Deliverable},
  number = {5.1.1},
  month = {February}
}

