% This file was created with JabRef 2.5.
% Encoding: Cp1252

@INPROCEEDINGS{Schurr94,
  author = {Andy Schuerr},
  title = {Specification of Graph Translators with Triple Graph Grammars.},
  booktitle = {WG},
  year = {1994},
  editor = {Ernst W. Mayr and Gunther Schmidt and Gottfried Tinhofer},
  volume = {903},
  series = {Lecture Notes in Computer Science},
  pages = {151-163},
  publisher = {Springer},
  biburl = {http://www.bibsonomy.org/bibtex/2ee6365b9207d3c226a513900ef272a2d/dblp},
  crossref = {conf/wg/1994},
  date = {2009-10-05},
  description = {dblp},
  ee = {http://dx.doi.org/10.1007/3-540-59071-4_45},
  isbn = {3-540-59071-4},
  keywords = {dblp},
  url = {http://dblp.uni-trier.de/db/conf/wg/wg94.html#Schurr94}
}

@BOOK{GustavoAlonso2003,
  title = {Web Services},
  publisher = {Springer},
  year = {2003},
  author = {Gustavo Alonso and Fabio Casati and Harumi Kuno and Vijay Machiraju},
  owner = {ismriv},
  timestamp = {2010.01.21}
}

@TECHREPORT{ambrus2009fast_mediation,
  author = {Oszkar Ambrus},
  title = {Mediation amongst Ontologies: Application to the {FAST} ontology},
  institution = {FAST Project (FP7-ICT-2007-1-216048)},
  year = {2009},
  type = {Deliverable},
  number = {D2.4.1},
  month = {February},
  date-added = {2009-02-08 15:26:04 +0000},
  date-modified = {2009-02-16 21:57:39 +0000}
}

@ELECTRONIC{XML1.1,
  author = {Tim Bray and Jean Paoli and C. M. Sperberg-McQueen and Eve Maler
	and François Yergeau and John Cowa},
  month = {August},
  year = {2006},
  title = {Extensible Markup Language (XML) 1.1 (Second Edition)},
  owner = {ismriv},
  timestamp = {2010.01.21}
}

@ELECTRONIC{WSDL2.0,
  author = {Roberto Chinnici and Jean-Jacques Moreau and Arthur Ryman and Sanjiva
	Weerawarana},
  month = {June},
  year = {2007},
  title = {Web Services Description Language (WSDL) Version 2.0},
  abstract = {This document describes the Web Services Description Language Version
	2.0 (WSDL 2.0), an XML language for describing Web services. This
	specification defines the core language which can be used to describe
	Web services based on an abstract model of what the service offers.
	It also defines the conformance criteria for documents in this language.},
  owner = {ismriv},
  timestamp = {2010.01.21}
}

@ELECTRONIC{eBayShoppingAPIs,
  author = {eBay},
  year = {2010},
  title = {eBay Shopping APIs},
  organization = {eBay},
  url = {http://developer.ebay.com/products/shopping/},
  owner = {ismriv},
  timestamp = {2010.01.21}
}

@STANDARD{sawsdl,
  title = {Semantic Annotations for WSDL and XML Schema. W3C Recommendation},
  organization = {W3C},
  author = {Joel Farrell and Holger Lausen},
  month = {August},
  year = {2007},
  owner = {ismriv},
  timestamp = {2010.01.29}
}

@PHDTHESIS{Fielding2000,
  author = {Roy Thomas Fielding},
  title = {Architectural Styles and
	
	the Design of Network-based Software Architectures},
  school = {University of California, Irvine},
  year = {2000},
  owner = {ismriv},
  timestamp = {2010.01.21}
}

@TECHREPORT{SOAP1.2,
  author = {XML ProtocolWorking Group},
  title = {Soap version 1.2.},
  institution = {W3C},
  year = {2003},
  type = {W3C Recommendation},
  month = {June},
  abstract = {SOAP Version 1.2 Part 0: Primer (Second Edition) is a non-normative
	document intended to provide an easily understandable tutorial on
	the features of SOAP Version 1.2. In particular, it describes the
	features through various usage scenarios, and is intended to complement
	the normative text contained in Part 1 and Part 2 of the SOAP 1.2
	specifications. This second edition includes additional material
	on the SOAP Message Transmission Optimization Mechanism (MTOM), the
	XML-binary Optimized Packaging (XOP) and the Resource Representation
	SOAP Header Block (RRSHB) specifications.},
  owner = {ismriv},
  timestamp = {2010.01.21},
  url = {http://www.w3.org/TR/soap12-part0/}
}

@ARTICLE{JSZ97c,
  author = {Jens-Holger Jahnke and Wilhelm Schaefer and Albert Zuendorf},
  title = {{A Design Environment for Migrating Relational to Object Oriented
	Database Systems}},
  journal = {{Software Engineering and Database Technology (Dagstuhl-Seminar-Report
	173)}},
  year = {1997},
  month = {March},
  biburl = {http://www.bibsonomy.org/bibtex/2a03b05bf24bf4862a35b665e54f877f2/se},
  day = {17 - 21},
  editor = {N. Barghouti and K. Dittrich and D. Maier and Wilhelm Schäfer},
  keywords = {checked}
}

@TECHREPORT{wsmo_amazon,
  author = {Jacek Kopecky and Dumitru Roman and James Scicluna},
  title = {D3.4v0.2. WSMO Use Case: Amazon E-commerce Service},
  institution = {DERI},
  year = {2005},
  owner = {ismriv},
  timestamp = {2010.02.01}
}

@TECHREPORT{moller2010fast_ontology,
  author = {Knud M\"oller and Ismael Rivera},
  title = {Ontology and Conceptual Model for the Semantic Characterisation of
	Complex Gadgets},
  institution = {FAST Project (FP7-ICT-2007-1-216048)},
  year = {2010},
  owner = {ismriv},
  timestamp = {2010.02.01}
}

